@book{taplecture,
    author = {S. Pascoli},
    title = {Lecture notes taken during the theoretical astroparticle physics course}
}

@book{qftlecture,
    author = {T. Peraro},
    title = {Lecture notes taken during the quantum field theory 2 course}
}

@book{tsmlecture,
    author = {F. Maltoni},
    title = {Lecture notes taken during the standard model course}
}

@book{schwartz,
    author = {M. Schwartz},
    title = {Quantum Field Theory and the Standard Model},
} 

@book{kolbturner,
    author = {E. Kolb and M. Turner},
    title = {The Early Universe},
} 